<?xml version="1.0" encoding="UTF-8"?><collection xmlns="http://www.loc.gov/MARC21/slim"><record><leader>00696nam--2200181-i-4500</leader><controlfield tag="001">000029426</controlfield><controlfield tag="002">20161230</controlfield><controlfield tag="005">20161230201037</controlfield><controlfield tag="008">060222s1000------------r-----000-0-fre-d</controlfield><datafield ind1=" " ind2=" " tag="040"><subfield code="a">IFIN-HH</subfield></datafield><datafield ind1=" " ind2=" " tag="041"><subfield code="a">fre</subfield></datafield><datafield ind1=" " ind2=" " tag="080"><subfield code="a">539.184:537.563.5(043)</subfield></datafield><datafield ind1="1" ind2=" " tag="100"><subfield code="a">Lecomte, Jean-marie</subfield></datafield><datafield ind1="1" ind2="0" tag="245"><subfield code="a">Etude generale du couplage de plusieurs etats discrets avec plusieurs continuums: applications aux spectres de photoionisation stark d`atomes alcalins et aux effets d'un rayonnement intense sur l'ionisation multiphotonique et l'autoionisation</subfield><subfield code="b">These</subfield><subfield code="c">Jean-marie lecomte</subfield></datafield><datafield ind1=" " ind2=" " tag="260"><subfield code="a">Orsay</subfield><subfield code="b">Universite De Paris-sud</subfield><subfield code="c">1983</subfield></datafield><datafield ind1=" " ind2=" " tag="300"><subfield code="a">381P</subfield></datafield><datafield ind1=" " ind2=" " tag="852"><subfield code="a">71791</subfield><subfield code="c">539.19</subfield></datafield><datafield ind1=" " ind2=" " tag="CAT"><subfield code="a">Sys</subfield><subfield code="c">20120717</subfield><subfield code="h">151032</subfield></datafield></record></collection>